2842 4775
401 183 1108 373 nonnei1u1rn
1327 363 1331 366 -

156 383 229 476 Sed
241 375 354 475 multa
382 393 495 502 magis
512 397 694 488 extremis,
725 393 799 475 tali
811 398 865 474 ad
891 395 1091 505 Augustam
1110 395 1244 503 elogia:
1274 395 1368 473 Ho-

155 506 391 602 ra'tiiiiac‘ci,
423 529 464 585 ut
485 508 575 601 mei,
603 505 681 584 elio
701 533 865 584 memor.
923 507 1105 615 Augustas
1121 505 1367 615 Epssalaeam

155 646 292 728 quaque
324 617 359 695 ei
385 615 534 723 afficiam
566 616 707 711 obtulit,
738 634 781 698 ut
810 617 874 699 hac
900 615 958 696 ‘ad
979 623 1220 699 Maecenatem
1232 618 1365 734 scrip-

155 747 196 808 ta
211 727 432 837 fignfficat:
462 724 567 828 Ante
587 727 664 835 ipse
688 727 923 818 sufficiebam
957 729 1162 820 scribendis
1195 728 1365 836 epistolis

155 841 398 919 amicorum:
429 866 532 918 nunc
550 839 859 948 occupatissimus
877 841 917 919 ec
945 840 1120 920 infirmus
1151 841 1364 919 Horatium

155 953 329 1031 nostrum
352 972 388 1027 te
408 952 520 1058 cupio
540 951 737 1032 adducere.
797 953 938 1030 Veniet
955 953 1070 1059 igitur
1086 953 1133 1029 ab
1146 951 1211 1029 ista
1227 952 1367 1057 paras·

22 1118 23 1121 =
155 1053 235 1141 tica‘
250 1062 376 1141 mensa
396 1062 443 1139 ad
468 1060 567 1140 hanc
580 1062 737 1166 regiam,
766 1063 808 1143 &l
828 1089 897 1142 nos
912 1064 950 1141 in
970 1062 1137 1170 epistolis
1157 1063 1363 1141 scribendis

31 1191 34 1194 ’
155 1172 364 1275 adjuvabit.
423 1176 479 1254 Aa
492 1171 732 1279 nerecusanti
743 1171 1162 1282 quidemautsteecenfiait
1177 1174 1364 1282 quaequam

155 1301 227 1364 aut
256 1281 456 1364 amicitiam
469 1285 580 1390 stiam
597 1284 797 1392 fingerem
827 1283 973 1392 destitit.
1030 1289 1180 1365 Extant
1201 1283 1362 1393 epulone,

158 1397 185 1475 ὰ
204 1395 342 1503 quibus,
366 1395 577 1503 argumenti
588 1394 734 1502 gratia,
743 1412 864 1503 pauca
864 1394 1018 1502 staly'eei.
1075 1399 1195 1478 Sume
1215 1397 1280 1474 nbi
1294 1396 1365 1474 ali·

159 1508 255 1612 qnid
278 1508 375 1610 juris
403 1507 505 1611 apud
526 1533 601 1594 me,
631 1508 860 1614 tanquamfi
887 1509 1084 1587 convislor
1111 1506 1211 1586 mihi
1229 1505 1362 1586 suetis.

160 1613 279 1700 Rene
293 1619 398 1694 enim
417 1619 456 1694 δι
478 1642 552 1693 non
566 1612 709 1694 temere
723 1613 870 1718 feceris,
897 1618 1079 1726 quoniam
1101 1618 1140 1696 id
1162 1619 1244 1696 ulus
1264 1616 1366 1697 mihi

33 1723 42 1808 ζ’
132 1789 137 1806 .
162 1750 292 1807 tecum
306 1725 378 1805 effe
397 1725 513 1820 volui,
528 1725 552 1803 fi
569 1752 635 1834 per
649 1727 906 1812 valetudinem
927 1749 1034 1807 tuam
1049 1728 1130 1808 fieri
1144 1728 1274 1836 poffet.
1305 1731 1364 1809 Et

33 1871 36 1878 ’
143 1839 317 1947 'rursusi
346 1838 426 1918 Tui
439 1836 595 1944 qualem
613 1837 774 1916 habeam
791 1840 1031 1933 memoriam,
1051 1842 1193 1947 poteris
1209 1868 1256 1919 ex
1269 1843 1365 1946 Sep·

163 1953 276 2030 timio
299 1975 454 2058 quoque
480 1947 607 2027 nostro
625 1947 780 2028 audire:
812 1977 901 2028 nam
921 1951 1055 2029 incidit
1079 1973 1122 2030 ut
1147 1955 1276 2031 coram
1296 1951 1366 2030 illo

156 2057 306 2140 vfieretd
326 2087 388 2138 me
409 2061 464 2138 toi
489 2059 646 2144 mentio·
702 2062 842 2167 Neque
859 2062 979 2157 enim,
1008 2061 1035 2140 fi
1064 2083 1105 2141 tu
1127 2061 1301 2172 superbus
1320 2089 1365 2140 a·

101 2221 104 2225 «
163 2173 351 2252 micinam
372 2174 537 2251 nostram
567 2170 749 2278 sprevisti,
779 2173 866 2252 ideo
898 2166 967 2251 nos
1001 2200 1156 2280 qnoque
1190 2173 1367 2282 oiaSunsp-

70 2325 73 2344 ε
163 2285 343 2395 inponitur.
371 2284 559 2362 Praeterea
561 2282 664 2393 saepe
676 2309 768 2376 eum,
787 2283 885 2363 inter
900 2284 992 2366 alias
993 2283 1103 2391 jaces,
1125 2284 1367 2392 purissimum

69 2430 72 2441 ’
163 2420 302 2506 penem
328 2396 366 2475 dc
388 2394 688 2473 homuncionem
710 2395 983 2501 lepidiffimum
1004 2398 1194 2507 appellat:
1224 2425 1368 2505 unaque

35 2594 43 2619 ,
162 2509 341 2601 &altera
358 2503 838 2613 liberalitatelocupletavit.
894 2509 1045 2618 Scripta
1059 2505 1196 2616 quidem
1214 2506 1288 2614 ej'us
1306 2510 1370 2615 us·

46 2704 49 2709 ,
164 2647 231 2728 que
258 2619 342 2698 adea
364 2618 554 2725 probavit,
583 2618 817 2726 maefitraque
840 2633 1015 2729 perpetua
1045 2618 1208 2716 crediiit,
1236 2636 1279 2698 ut
1297 2648 1369 2700 nan

164 2730 262 2810 enada
263 2731 430 2835 seculare
442 2757 584 2807 carmen
611 2727 879 2838 componendum
897 2728 1109 2837 injunxerit,
1127 2733 1255 2837 sedet
1274 2731 1368 2810 Vin-

163 2841 310 2922 delicam
329 2841 520 2921 villariam
537 2839 674 2919 Tiberii
692 2840 889 2948 Drufique,
912 2841 1171 2950 privignorum
1181 2843 1367 2950 suarum:

164 2978 310 3060 eumque
323 2950 476 3058 coegerit
484 2967 637 3058 propter
651 2951 731 3048 hoc,
750 2952 868 3032 tribus
881 2953 1079 3032 carminum
1090 2952 1193 3033 libra
1206 2979 1250 3033 ex
1265 2953 1371 3061 langa

34 3138 38 3143 .
75 3090 80 3093 ⁷
161 3060 362 3145 'intervallo
381 3081 552 3170 quartum
566 3061 721 3154 addere3
751 3060 838 3169 Post
850 3065 1032 3172 sermones
1048 3092 1139 3145 vera
1152 3064 1256 3144 aaa
1269 3066 1373 3173 quas·

164 3176 261 3269 dam,
290 3175 423 3256 nullam
427 3173 497 3280 sui
509 3176 721 3255 mentionem
724 3173 876 3279 saliam
894 3177 950 3255 ita
953 3174 1014 3283 stt
1031 3174 1168 3284 questus
1177 3207 1193 3255 .·
1223 3178 1371 3257 iratum

165 3313 230 3367 me
242 3285 313 3365 tibi
327 3285 431 3377 seim,
446 3283 551 3391 quod
569 3311 644 3363 non
666 3286 704 3362 in
717 3284 906 3394 plerisque
924 3287 1110 3393 ejusmodi
1122 3287 1269 3394 scriptis
1289 3314 1375 3365 me·

165 3425 255 3477 cum
273 3395 506 3505 potissimum
525 3392 705 3501 loquaris.
760 3403 826 3479 An
848 3400 984 3477 vereris
1004 3425 1053 3476 ne
1077 3397 1178 3505 apud
1202 3397 1374 3506 posteros

164 3509 309 3588 infame
322 3508 392 3584 tibi
412 3507 477 3600 fit,
499 3506 603 3611 quod
623 3506 780 3584 videaris
811 3509 1006 3589 familiaris
1027 3510 1134 3590 nobis
1153 3508 1224 3589 effe
1241 3504 1269 3608 l·
1283 3513 1373 3591 Ex·

156 3618 350 3733 presp'tque
368 3617 555 3725 Eclagam‚
583 3615 682 3722 cajus
700 3618 845 3699 initium
864 3621 934 3720 ell3

182 3904 185 3912 Δ
219 3813 356 3918 Qum
373 3825 430 3885 tot
450 3804 625 3889 sustineas
644 3809 683 3888 de
700 3825 804 3889 tanta
818 3811 972 3920 negotia
984 3809 1096 3906 solus,

218 3922 297 3999 Res
316 3916 428 3998 Italas
442 3918 558 3996 armis
579 3923 725 4011 tuteris,
757 3921 931 4003 moribus
950 3948 1077 4017 omes,

216 4030 387 4138 Legibus
407 4029 612 4110 emendes:
642 4033 682 4110 in
704 4032 860 4139 publica
877 4034 1084 4113 commoda
1104 4056 1277 4139 peccem,

122 4248 125 4263 Ι
169 4203 177 4211 -
218 4145 256 4225 Si
273 4145 390 4251 longo
409 4141 581 4223 sermone
601 4169 725 4223 morer
740 4162 803 4225 tua
823 4168 1013 4257 tempora,
1041 4144 1176 4227 cesar.

1225 4330 1381 4416 Habitu
