2842 4775
293 277 1033 367 nacnttttrrtrarnrr'o.
1194 288 1305 404 :³⁴⁷²

73 418 203 498 ridiculis.
244 417 328 487 Rem
355 420 519 510 intelliges,
539 418 562 484 st
584 420 624 484 ob
647 420 749 486 oculos
777 421 829 484 tibi
856 439 1003 503 proponas
1030 416 1131 480 bonos
1146 413 1192 478 'tle
1219 437 1298 500 pago
1330 497 1332 504 y

74 513 146 578 titos
170 506 346 580 russicarum
373 530 456 573 more
484 507 633 583 saltantes,
667 508 724 572 sese
752 525 858 572 mutuo
886 505 1124 587 extemporaneis
1150 503 1296 569 conviciis

74 596 250 673 infestantes,
272 618 366 679 eaque
381 595 412 660 in
429 597 507 660 vices
521 597 746 677 exprobrantes,
774 617 902 678 quorum
917 594 994 659 alius
1017 591 1183 656 alii'corrsci
1201 591 1298 657 isunt·

74 683 135 748 Hoc
148 682 188 746 est
202 685 281 789 quod
298 687 437 747 Horatius
453 683 525 750 dicit
541 681 640 765 Epod.
661 705 687 746 t.
704 686 756 747 lib.
774 703 805 747 2.

194 770 362 859 Pescenniae
370 786 423 856 per
436 769 509 835 hanc
523 772 640 834 inventa
652 771 765 834 lieentia
780 791 881 834 marren

194 859 221 926 V
220 857 322 944 trfibnr
335 856 454 924 alternis
468 859 613 944 opprobrie
628 856 733 941 rrfiica
738 859 838 944 fredit.

70 943 213 1011 Infrenant
236 948 317 1010 hatte
332 947 361 1009 δι
379 948 576 1032 impotentem
592 946 746 1010 licentiam
773 942 885 1028 excipit
901 964 961 1005 non
988 942 1029 1006 ita
1052 942 1115 1024 piiss
1144 942 1218 1007 alius
1241 963 1295 1028 ge·

71 1034 141 1097 neris
166 1054 300 1108 carmen,
323 1032 490 1117 castigatius
503 1035 625 1118 quidem
652 1032 736 1111 illud,
759 1032 805 1095 sed
832 1033 971 1094 refertum
997 1032 1087 1093 etiam
1114 1031 1243 1094 disieriis
1258 1031 1296 1093 ad

70 1123 245 1186 movendum
260 1119 352 1200 risum
372 1124 566 1204 comparatis,
586 1121 671 1205 quod
688 1136 790 1184 tamen
818 1119 892 1182 nibil
917 1117 1107 1201 'turpitudinis
1124 1118 1293 1194 admiserit;

70 1210 228 1290 comparuit
255 1209 314 1272 hoc
338 1230 460 1271 carmen
485 1208 537 1296 sub
562 1196 667 1271 Satirae
695 1209 818 1271 nomine
844 1208 883 1268 ob
906 1205 1076 1268 varietatem
1104 1208 1204 1270 suam:
1226 1229 1294 1289 quae

71 1297 182 1378 quidem
209 1296 301 1360 Satira
315 1314 413 1359 certos
437 1296 543 1359 habuit
568 1297 668 1369 medas,
690 1299 709 1360 i.
726 1318 753 1359 e.
781 1291 922 1357 musicam
941 1297 971 1358 δι
997 1312 1209 1378 congruentem
1229 1297 1298 1355 mo-'

70 1398 137 1454 tum,
156 1383 291 1468 relegatis
316 1384 441 1469 gestibus
466 1387 566 1447 minus
583 1381 719 1446 honestis.
766 1382 859 1445 Titus
876 1380 991 1457 Livius,
1004 1381 1059 1443 lib.
1078 1401 1105 1464 7.
1124 1404 1152 1443 c.
1172 1401 1201 1444 a.
1220 1378 1293 1444 Ver-

70 1471 164 1533 reculis
190 1470 358 1557 artificibus,
381 1473 448 1556 qaia
473 1470 572 1534 Hister
600 1470 684 1558 Tusco
708 1472 791 1534 verbe
816 1469 915 1532 Lndio
942 1463 1104 1542 vacabatur,
1126 1491 1220 1530 nemen
1245 1469 1294 1530 hi·

70 1554 217 1638 strionibus
244 1560 380 1634 inditam,
402 1560 450 1643 qai
474 1581 536 1635 nan,
544 1556 622 1644 sicat
643 1573 719 1631 ante,
741 1555 900 1641 Fescennina
924 1555 1006 1642 versa
1025 1556 1145 1636 finiam
1160 1559 1294 1639 incompe-

68 1641 140 1719 fitttnr
163 1659 264 1709 temere
286 1670 319 1710 ac
342 1650 436 1710 rudem
461 1647 577 1709 alternis
594 1644 752 1728 jaciebant,
765 1645 821 1732 sed
833 1644 958 1727 impletas
978 1643 1064 1706 aradis
1086 1639 1219 1720 saturer,
1244 1645 1294 1705 de·

69 1729 235 1818 scriptrjanr
257 1735 300 1796 ad
310 1733 452 1798 tibicinem
472 1747 568 1808 canta,
591 1748 714 1815 nataque
738 1732 896 1815 congruenti
918 1735 1097 1814 peragebant.
1143 1730 1216 1793 Non
1237 1734 1294 1794 ab·
1385 1771 1386 1774 =

70 1813 181 1884 ludebat
206 1824 273 1884 baec
299 1817 396 1904 Satira
419 1822 435 1884 ὲ
461 1820 566 1884 nostris
593 1820 690 1890 Farees
725 1821 963 1903 pudentioribus,
993 1821 1041 1881 ubi
1070 1821 1235 1904 promiscue
1262 1820 1293 1883 δι
1364 1857 1371 1866 1

70 1907 283 1988 Spesiatoribus
297 1908 328 1972 st
341 1910 502 1972 Asioribtrs
518 1906 643 1972 Scenico
657 1909 714 1972 sale
728 1907 949 1971 defricabarrtur
969 1905 1118 1971 auriculae.

106 1993 206 2079 Atque
233 1996 273 2059 ita
290 1998 317 2058 se
339 1996 467 2059 babebat
492 2017 537 2058 res
555 1993 698 2071 Scenica3
723 2017 794 2059 cum
819 1994 922 2058 Livias
943 1996 1114 2057 Andronicus
1127 1993 1164 2054 ad
1179 1993 1293 2056 Cantas

69 2078 124 2143 dias
148 2083 178 2147 st
207 2079 379 2165 Tragoedr'er
408 2086 444 2146 ad
475 2082 656 2148 Graecorum
696 2082 896 2147 imirationem
925 2083 1149 2146 conscribendas
1179 2083 1293 2162 primus

70 2167 196 2233 animum
218 2174 353 2252 appulit:
377 2192 444 2256 quae
472 2167 542 2232 cum
566 2170 634 2233 ellat
656 2172 821 2234 oblesiatio
846 2170 875 2232 δι
900 2170 1093 2232 liberalior&
1119 2169 1293 2245 absolutior,

69 2259 208 2321 moxhuc
235 2261 364 2342 undique
389 2262 562 2330 cateruatim
585 2260 761 2323 concursum
788 2257 842 2334 est,
864 2257 999 2341 aeglesie
1029 2257 1064 2319 ad
1092 2272 1209 2336 tempus
1236 2256 1293 2319 So·-

69 2342 134 2431 n'ra,
156 2368 245 2430 quam
273 2363 376 2412 tamen
405 2345 495 2432 paulo
525 2344 587 2428 post
610 2348 816 2429 reprehensam
842 2365 926 2409 erant
952 2345 1003 2427 qui
1034 2345 1202 2407 Comoediis
1226 2346 1294 2429 jam
1330 2396 1333 2403 .

69 2428 275 2511 parastis'non
300 2435 421 2498 absurde
448 2433 655 2498 subnetilerent
678 2436 776 2519 [quod
792 2431 878 2498 Galli
901 2433 931 2496 in
947 2433 1004 2496 suis
1018 2432 1120 2496 Fareer
1146 2433 1295 2517 hodieque

66 2516 183 2604 faciunt)
213 2516 372 2586 Attellanis
396 2539 490 2598 certe,
516 2538 632 2586 mutato
657 2539 724 2587 tum
754 2523 884 2606 primunt
915 2522 1079 2584 Satirarum
1109 2519 1233 2583 nomine
1260 2520 1305 2601 ita

68 2602 187 2687 Exsilio,
202 2610 281 2693 quod
298 2612 329 2673 in
346 2608 494 2692 posterum
509 2609 625 2675 mansit.
709 2630 711 2634 ’

98 2696 208 2778 ¹Atque
224 2698 289 2761 baec
315 2696 371 2760 suit
386 2698 525 2781 prima&
540 2699 740 2781 antiquissima
764 2698 914 2762 Romanae
929 2696 1032 2760 sarira
1047 2698 1153 2759 forma.
1198 2693 1296 2783 Erant

68 2783 181 2863 quidem
201 2786 270 2848 dure
295 2785 374 2861 aliae,
394 2807 568 2869 quanquam
581 2784 609 2849 'a
639 2787 733 2868 prima
756 2786 884 2850 multum
905 2785 1117 2867 discrepabant,
1139 2786 1167 2846 ei
1192 2802 1294 2848 tamen

69 2868 144 2956 quali
158 2890 254 2937 enatae
278 2869 450 2957 suffragines
472 2891 572 2937 ortum
596 2874 680 2937 sunm
704 2873 872 2937 referebant
885 2899 905 2947 3·
919 2874 998 2956 quod
1022 2893 1112 2954 quam
1129 2875 1295 2936 brevissime

67 2962 174 3041 potero,
190 2959 257 3046 jam
271 2956 482 3023 confirmatum
498 2963 586 3026 dabo.
663 2952 666 2971 ¹
796 3004 801 3013 ·
863 2952 865 2961 ἱ
1349 2970 1353 2979 ’

105 3044 176 3109 Uno
191 3067 271 3111 anno
296 3045 451 3132 postquam
481 3046 583 3112 Livius
597 3116 600 3123 ‚
614 3048 724 3130 primas
746 3046 865 3111 dedisset
879 3046 1003 3122 fabulas,
1028 3046 1171 3111 natusest
1186 3050 1216 3112 in
1232 3045 1295 3112 lta·
1383 3047 1385 3055 ’

67 3127 104 3192 lia
126 3130 265 3203 Ennius:
288 3136 340 3218 qui
363 3157 434 3198 cum
459 3133 643 3211 adolevisset,
673 3137 703 3197 δι
726 3136 899 3220 diligentius
926 3132 1141 3210 considerasset,
1162 3156 1294 3218 quanto·

68 3238 130 3300 pere
153 3220 318 3308 hujusmodi
346 3220 448 3286 Satiris
473 3222 670 3287 deleslaretur
698 3226 844 3306 populum
868 3220 989 3286 resse&
1008 3224 1035 3283 id
1057 3226 1142 3298 vidit,
1164 3226 1294 3289 Poima-

68 3319 106 3381 ta,
127 3329 192 3392 quae
214 3310 285 3373 licet
302 3308 443 3373 Theatro
467 3332 529 3374 non
552 3310 777 3388 destinarentur,
801 3308 921 3373 suffusos
936 3310 1013 3387 ,selle
1028 3311 1141 3376 sales&
1171 3313 1294 3376 disieria

67 3388 220 3459 Satirarum
236 3396 387 3461 mordacia
402 3398 609 3463 conservarent
624 3414 737 3475 tamen,
760 3421 822 3462 non
838 3397 916 3480 posse
938 3420 997 3460 non
1025 3401 1141 3477 plaeere
1156 3401 1292 3483 popu103

67 3480 219 3565 periculum
250 3484 322 3548 secit
347 3501 439 3571 atque
454 3486 547 3551 edidit
573 3488 710 3550 Sermones
726 3508 799 3570 quos
825 3483 931 3550 Satires
958 3487 1069 3549 servato
1093 3493 1218 3570 antiquo
1236 3510 1294 3551 no·
1341 3522 1352 3539 ι

67 3568 320 3654 mineappellavit.
364 3571 462 3638 Erant
482 3576 513 3637 bi
541 3573 698 3653 Sermones
716 3573 902 3650 Horatianis,
924 3575 1001 3657 qnod
1020 3576 1055 3634 ad
1079 3591 1292 3659 argumentum

68 3651 404 3737 &varietatem-rerum,
427 3682 480 3744 per
495 3664 599 3726 omnia
612 3661 737 3725 similes:
763 3663 916 3744 Excepto,
932 3662 1011 3744 quod
1029 3661 1148 3724 Ennius
1163 3667 1199 3727 ad
1215 3685 1293 3746 quo·

66 3744 182 3810 tundam
211 3742 409 3825 Graecorum,
442 3744 530 3831 ipstus
560 3749 652 3829 etiam
689 3746 817 3812 Homeri
842 3750 1033 3831 exemplum,
1069 3749 1097 3811 id
1123 3748 1181 3813 'sibi
1216 3752 1293 3834 juria

66 3827 198 3909 sumserit,
230 3849 265 3897 ut
293 3835 378 3915 plura
405 3837 588 3921 carminum,
611 3858 732 3922 genera,
755 3835 884 3905 confusas
919 3835 1115 3920 Hera-metris,
1149 3835 1293 3916 lambitis,

66 3910 218 4005 srinrtrir,
250 3923 291 3986 διΔ
313 3920 509 4002 Terramrrrr‘s,
537 3920 697 4007 Trechqicir
725 3926 944 4001 commisceret,
977 3943 1009 3988 ut
1037 3947 1074 3988 ex
1104 3920 1291 4008 sta'gmentia,

65 4022 126 4088 qua·
144 4007 305 4091 supersunt,
329 4010 395 4074 satis
409 4012 516 4094 liquet,
1300 4074 1304 4081 .

73 4090 217 4161 ¹Videtis
248 4095 502 4163 Tetrametorum
531 4097 706 4182 exemplum
744 4099 782 4161 ab
807 4099 894 4175 ΙΑυῐο
934 4098 1039 4164 Gellio
1068 4098 1292 4179 conservatum,

62 4174 177 4269 lignum
191 4183 272 4262 sane,
294 4186 374 4269 quod
389 4186 430 4253 ob
444 4186 588 4253 eximiam
601 4184 853 4268 pulchritudinem
870 4189 919 4248 hic
934 4202 1116 4268 reponatur,

227 4270 293 4336 Hac
302 4271 359 4351 erit
373 4273 427 4336 tibi
439 4262 749 4361 tigamentamsemper
762 4275 792 4336 in
804 4272 1039 4359 promptusttartr,

223 4356 343 4443 Neqaitl
353 4367 474 4449 arpenn
487 4358 598 4439 arnicas,
619 4361 692 4445 qaod
704 4377 764 4427 tate
778 4383 864 4445 agere
869 4362 981 4448 poffla·
