2842 4775
143 240 209 308 3n
383 172 1124 304 niceniirdffiunrin

142 338 376 420 Horitiomrum
391 337 558 421 Satirarum
580 353 721 404 naturam
745 339 911 403 enarrandi.
946 335 1075 404 ‘interea
1099 339 1170 403 illud
1192 338 1286 404 velim
1307 344 1368 404 ani·

140 428 304 491 madrcrtat
319 425 446 503 Ledlor,
470 425 612 490 Larinum
629 423 822 500 Vocabulum
848 424 953 490 Satirae
967 440 1030 490 tam
1051 427 1200 511 designare
1216 426 1368 493 Sermones

141 516 193 598 qui
210 512 361 578 Virtutem
377 515 603 591 commendent,
626 535 717 597 quam
733 510 783 598 qui
801 514 876 578 vitia
890 514 1079 578 insectentur,
1125 514 1271 578 Omnino
1291 516 1368 579 aliter

141 604 170 666 se
185 622 230 664 ies
246 603 336 665 babet
361 602 391 664 in
407 601 509 685 lingua
521 599 634 675 nostra,
661 602 710 663 ubi
726 600 775 665 vel
789 622 901 664 nomen
916 603 1012 682 ipsum
1039 601 1144 665 Satira
1159 618 1303 666 terrorem
1326 603 1368 666 in·

49 709 51 716 ·
139 691 217 752 cutit
241 690 311 764 illis,
334 690 424 772 quise
440 687 577 753 fimulant
593 688 622 752 'id
644 685 795 771 essequod
820 711 884 752 noti
901 689 989 764 sunt3
1011 689 1088 771 apud
1103 709 1157 751 rios
1173 689 1258 752 enim
1274 692 1366 754 audito

137 776 243 842 batirae
258 779 380 839 nomine
393 776 544 839 conviciaris
569 775 757 860 intelligitur,
802 776 916 840 Eadem
939 795 1041 841 tamen
1067 776 1224 860 utrobique
1241 799 1301 840 rioir
1320 778 1370 842 eli.¹

139 861 197 927 Sed
213 864 313 926 Larini
337 863 511 946 plerumque
536 864 566 926 in
584 864 727 926 librorum
744 862 839 927 titulis
861 863 1053 946 respexerunt
1074 865 1157 950 vocis
1180 863 1269 944 ipsus
1285 880 1367 928 uatu-

137 950 273 1025 rams&
303 952 449 1036 integram
477 950 740 1036 significationem,
768 973 860 1034 quam
890 953 979 1016 habet
1005 973 1048 1015 ert
1077 952 1274 1037 etymologia,
1304 952 1367 1015 ct‘m

137 1034 224 1104 Galli
240 1039 396 1121 re'piciant
411 1039 540 1120 primum
555 1037 586 1104 dt
601 1038 832 1123 frequentiorem
852 1042 936 1104 rotis
960 1040 1060 1115 usum,
1087 1041 1208 1104 tribune
1224 1033 1293 1125 jam
1307 1040 1367 1103 iude

139 1127 178 1190 ab
192 1127 279 1189 initio
294 1127 422 1189 didleriis
435 1127 465 1191 br
479 1124 756 1191 obtrectationibus.

184 1211 345 1278 Scribenda
361 1223 463 1278 autem
479 1197 588 1278 carosi
604 1211 711 1278 Latine
725 1234 777 1296 per
793 1236 812 1276 is
835 1211 881 1278 uel
899 1234 951 1296 per
965 1212 990 1290 s‘,
1007 1207 1128 1279 Gallice
1144 1236 1197 1298 per
1213 1216 1227 1277 i
1240 1211 1366 1298 simplex.

140 1297 207 1383 Qui
229 1322 282 1383 per
301 1301 520 1384 yscripscrunt,
542 1302 562 1364 ii
586 1323 655 1380 cuni
681 1300 832 1384 scaligero,
856 1301 979 1383 Heinsio,
997 1301 1158 1386 multisque
1182 1300 1252 1365 aliis
1277 1302 1364 1364 credi·

139 1390 260 1465 derunt,
281 1409 321 1452 cx
334 1386 681 1464 NuminibusRuslicis,
704 1410 779 1471 quos
794 1386 898 1453 Graeci
922 1390 1075 1484 Xorspac,
1092 1391 1230 1470 Romani
1253 1387 1366 1465 Faunis,

99 1469 102 1477 ’
127 1478 365 1559 nuncupabant,
387 1477 513 1540 nomine
530 1475 608 1540 disia
629 1474 874 1561 suisseqejusmodi
891 1482 1038 1557 pobmata,
1061 1498 1137 1561 eque
1153 1498 1232 1540 voco
1247 1478 1366 1557 Satyrus,

139 1563 261 1626 dudam
290 1584 395 1626 vocem
423 1563 546 1647 Satyrar
581 1564 647 1626 istas
671 1579 809 1644 praeterea
835 1563 952 1644 Satyros
979 1564 1165 1628 carminibus
1189 1562 1364 1628 Graecorum

137 1648 276 1736 Satyriris
290 1651 375 1714 valde
396 1648 478 1715 fuisse
501 1652 626 1718 affines:
651 1651 731 1735 quod
762 1648 818 1716 esse
844 1649 1022 1716 talsffinum
1050 1652 1222 1715 luculenter
1247 1651 1364 1715 demon·

137 1737 239 1802 slraiit
254 1736 460 1815 Casaubonus,
486 1738 535 1800 ubi
550 1737 663 1804 dosera
678 1741 794 1820 Satyrus
808 1758 848 1804 ex
862 1740 1002 1824 analogia
1023 1740 1143 1822 formari
1168 1760 1233 1804 non
1257 1738 1365 1823 Satyra,

137 1826 186 1889 sed
211 1824 350 1910 satyrica,
371 1826 593 1912 plurimumque
618 1825 751 1891 interesse
775 1826 853 1890 inter
871 1823 1062 1892 ‘Graecorum
1085 1824 1241 1916 Satyrica,
1264 1827 1365 1892 &Ro-

137 1911 432 1982 manorumSatlras.
558 1925 562 1932 '

183 1997 364 2086 spanhemius
398 2002 431 2065 in
453 2000 572 2082 pulchra
597 1998 651 2064 sua
683 2001 721 2064 ad
748 1999 868 2089 Julianr‘
894 2000 1077 2087 Imperatoris
1107 2003 1231 2088 Caesare
1266 2001 1365 2066 Prasa-

136 2089 232 2163 tione,
254 2088 339 2169 plura
353 2088 390 2151 de
405 2110 485 2151 nouo
509 2089 661 2152 observata
686 2089 817 2153 contulit
830 2090 866 2151 ad
882 2110 932 2166 ea,
954 2113 1024 2174 quae
1046 2109 1117 2156 ante
1131 2113 1166 2154 ea
1189 2092 1231 2154 de
1252 2112 1285 2154 re
1303 2111 1364 2170 pro-

15 2237 16 2258 ,
138 2175 246 2268 tulerat
273 2177 483 2264 celeberrimus
508 2176 641 2253 Criticar,
674 2177 826 2257 descriptis
851 2197 964 2261 magno
999 2201 1069 2242 cum
1100 2179 1219 2264 judicio
1245 2177 1365 2241 duorum

15 2269 16 2352 l
138 2268 310 2345 polimatum
334 2265 467 2349 quinque
493 2279 544 2330 aut
568 2265 617 2328 seir
641 2265 858 2328 discriminibus
888 2265 1110 2350 iniquioribus,
1133 2287 1204 2349 qua
1229 2263 1252 2330 fi
1277 2265 1365 2327 ridere

15 2361 16 2427 l
137 2355 254 2434 cupias,
277 2350 432 2417 aridiorem
456 2351 513 2415 adi.
558 2350 646 2415 Nihil
668 2345 808 2436 unquam
824 2352 881 2415 suit
902 2354 978 2435 apud
1005 2352 1133 2419 Graecos
1154 2354 1309 2418 Romanas
1321 2351 1364 2415 διε

15 2432 19 2487 ἶ
138 2442 204 2504 iirae
229 2440 391 2504 finitimum
420 2458 524 2523 praeter
550 2439 734 2516 dissessum,
763 2441 890 2507 mordax
911 2440 1068 2507 ,Poematis
1093 2463 1203 2527 genus,
1219 2442 1307 2525 quod
1332 2459 1365 2501 eit

15 2536 16 2577 l
136 2529 311 2611 fragmentis
327 2527 460 2591 Silsorasrr
474 2524 599 2595 Timonis
614 2528 700 2591 facile
715 2526 817 2612 colligi
842 2529 937 2611 potest
946 2556 957 2606 3
979 2530 1014 2591 ad
1040 2531 1098 2595 hoc
1113 2530 1274 2605 intererat,
1294 2526 1364 2612 quud

15 2614 16 2691 ζ
136 2616 203 2680 Sissi'
228 2613 410 2681 Graecorum
438 2634 527 2681 merae
552 2614 644 2678 essent
671 2616 819 2690 Paridiae,
851 2618 931 2700 quod
956 2616 994 2680 de
1018 2616 1159 2683 Romana
1183 2615 1289 2680 Satira
1313 2614 1364 2677 dici

15 2750 16 2765 r
135 2703 255 2786 nequit,
278 2704 328 2766 ubi
349 2699 370 2766 si
388 2702 464 2766 forte
478 2702 641 2786 aliquando
668 2704 697 2767 ln
714 2700 873 2765 Parodiam
890 2704 1016 2781 incidas,
1039 2706 1153 2781 ridebis
1175 2712 1280 2767 tamen
1296 2699 1364 2765 Poe·

15 2792 16 2797 ’
136 2805 201 2854 iam
235 2789 342 2854 cavisse
371 2811 408 2853 ne
438 2791 616 2854 abuteretur.
664 2791 757 2854 Unde
783 2789 877 2874 liquet
899 2788 1032 2859 Parodiis
1060 2790 1231 2857 naturalem
1258 2788 1364 2856 estere
1406 2820 1407 2823 ¹

136 2876 214 2941 Sillis
229 2878 339 2955 sedem,
362 2898 423 2940 non
438 2879 509 2942 item
526 2877 557 2941 in
572 2876 682 2942 Satiris.
886 2945 888 2949 7
1123 2930 1130 2939 ,
1158 2924 1161 2935 r

181 2963 322 3047 Exposita
347 2965 467 3029 tandein
493 2980 609 3044 natura,
631 2966 760 3050 origine,
790 2964 984 3052 &progressu
1000 2963 1114 3045 Satisne,
1138 2989 1237 3051 pauca
1257 2967 1295 3030 de
1308 2962 1362 3046 ipsu

15 3082 16 3121 3
137 3051 267 3117 Horatio
281 3054 354 3118 mihi
372 3055 437 3115 lunt
452 3054 591 3129 dicenda,
611 3055 662 3137 qui
679 3055 799 3135 quidem
816 3053 917 3135 quales
935 3057 964 3117 in
981 3056 1039 3119 lioc
1053 3077 1144 3137 opere
1158 3055 1209 3134 sit,
1240 3077 1302 3119 non
1314 3072 1364 3135 po·

136 3138 191 3203 tesl
205 3141 396 3204 commodius
412 3139 619 3216 demonstrari,
641 3162 734 3223 quam
757 3138 865 3203 sicum
889 3139 1058 3206 Silenorum
1073 3142 1176 3211 statuis
1201 3160 1361 3227 compatet.

137 3228 249 3309 quibua
274 3227 446 3292 Alcibiades
475 3230 506 3291 in
530 3228 686 3313 Symposio
713 3226 867 3297 Socratem
894 3245 1067 3312 comparat,
1085 3252 1155 3314 quae
1181 3232 1259 3295 nihil
1285 3241 1363 3292 extra

135 3314 284 3377 habebant
321 3315 448 3396 pulchri,
479 3315 554 3379 nibil
583 3316 693 3392 ornati,
716 3331 746 3378 at
771 3314 793 3379 si
819 3315 883 3380 illas
910 3314 1081 3399 aperuisses,
1111 3319 1254 3385 omnium
1284 3314 1361 3381 Deo·

135 3420 205 3465 rum
234 3400 429 3482 Dearumque
460 3403 607 3486 imagines
641 3402 806 3467 detexisses.
879 3406 932 3467 Ad
958 3425 1029 3469 eum
1066 3408 1193 3472 modum
1224 3407 1253 3469 se
1282 3400 1359 3468 nobit

15 3536 16 3541 ,
135 3489 258 3553 exhibet
286 3490 316 3550 iri
347 3485 449 3550 Satiris
482 3488 638 3564 Horalius,
672 3491 746 3552 nibil
784 3510 931 3573 magnum
954 3490 1019 3573 'prae
1048 3492 1076 3556 se
1101 3494 1171 3572 sert,
1194 3492 1285 3576 quod
1309 3508 1359 3552 noa

68 3602 72 3617 ¹
135 3576 269 3641 detinere
294 3574 418 3640 debeat:
449 3575 568 3660 dignior
596 3578 710 3641 ildetur
735 3575 805 3653 esse,
834 3581 895 3661 qui.
915 3581 1011 3661 pueris
1040 3594 1164 3658 teratur,
1195 3601 1287 3665 quam
1314 3573 1359 3659 qui

15 3692 16 3707 i
136 3662 214 3728 uiros
232 3680 407 3743 occupatos
441 3677 561 3729 teneat:
595 3664 641 3727 sed
673 3663 797 3746 seposito
830 3665 910 3740 velo,
942 3666 972 3728 bt
1005 3667 1135 3732 Horatio
1167 3665 1287 3750 propitii
1317 3666 1360 3727 iu·

135 3750 246 3829 spedio,
269 3750 409 3815 omnium
433 3748 514 3813 illico
537 3749 687 3814 Diuorum
715 3752 810 3817 oculis
840 3753 867 3819 se
895 3757 1037 3838 ingerunt
1057 3756 1216 3840 imagines,
1240 3758 1297 3817 boc
1311 3748 1357 3823 es,

15 3908 16 3913 η
135 3858 241 3901 omnes
264 3842 401 3911 virtutes,
427 3837 560 3921 adquae
587 3834 694 3900 assidue
724 3841 884 3903 exercendi
910 3841 992 3917 sunt,
1015 3844 1067 3926 qui
1094 3843 1173 3907 vitiis
1186 3843 1247 3907 suis
1271 3836 1359 3903 curri·

135 3925 240 4006 genffls
257 3925 330 3987 serio
355 3922 483 3989 sludent.
538 3923 645 3986 Oculis
671 3925 777 4006 parism
802 3929 924 3993 intentis
949 3929 1038 3995 illum
1058 3930 1219 4013 adspexere
1243 3927 1358 3992 anemae

134 4011 296 4086 mortales;
328 4030 425 4092 neque
463 4008 578 4091 possum
609 4030 673 4075 non
700 4014 799 4083 mirari
830 4012 939 4083 Satires
970 4038 1023 4098 per
1058 4032 1104 4084 tot
1138 4017 1239 4083 secula
1265 4012 1357 4087 leuas.

134 4112 224 4181 atque
262 4096 398 4172 ieledlas,
430 4098 531 4177 paucis
565 4099 728 4162 admodum
766 4098 851 4163 fuisse
888 4103 1069 4182 intelleslas,
1103 4122 1156 4170 aut
1192 4104 1357 4187 explicitas·

134 4185 331 4249 Subsliteiunt
367 4185 399 4246 in
435 4184 497 4265 ipso
529 4188 655 4262 cortice,
693 4187 845 4271 verbisque
883 4190 1110 4273 interpretandis
1137 4194 1258 4261 ,intenti
1288 4181 1358 4250 nihil

114 4271 214 4333 'ultra
238 4272 368 4352 petiere:
401 4270 480 4354 quod
506 4273 634 4355 quidem·
650 4275 785 4336 fecerunt
812 4289 845 4337 ut
872 4275 1091 4345 Grammaticis
1121 4298 1276 4364 parerat,
1303 4290 1360 4337 ποῦ

136 4374 169 4421 ut
202 4354 410 4440 Philosophia:
443 4356 531 4441 plane
559 4359 640 4443 quali
669 4359 816 4448 scripsisset
840 4361 985 4431 Horatius
1016 4366 1114 4433 solum
1141 4385 1176 4434 ut
1211 4352 1359 4433 verbotuo

121 4481 123 4485 <
1290 4466 1358 4515 cun·
