2842 4775
306 231 1040 318 oncenrrruffiranrn
1217 239 1316 340 39'

64 365 320 436 construendorum
349 373 496 434 rationem
522 370 701 444 videremus,
735 368 911 453 dedissetque
943 369 1029 430 nobis
1066 353 1171 431 librirm
1200 370 1281 431 boris

63 457 210 523 inSchola
227 458 376 535 saliendis,
399 479 460 522 non
484 457 590 520 animis
609 457 645 519 ad
667 457 808 521 virtutem
832 456 1008 519 formandis.
1053 452 1172 519 Prorsus
1200 456 1280 526 aliud
1365 511 1369 530 ,

62 545 109 609 fibi
136 546 167 607 in
194 546 252 609 hoc
280 565 370 627 opere
398 547 585 628 proposuerat
612 543 716 611 Poeta.
783 545 927 628 Namque
955 541 1023 605 sinis
1052 545 1209 608 verborum
1238 543 1281 606 esi

61 634 145 706 assiu,
167 631 251 720 cujus
272 635 362 696 eriam
387 634 482 715 gratias
496 634 586 695 verba
612 633 672 714 ipsi
697 632 815 696 suerunt
839 647 963 714 reperta,
985 651 1053 713 quae
1070 629 1123 693 nist
1138 631 1221 694 illtrm
1237 631 1280 694 asi

59 723 212 802 sequantur
237 719 341 797 linem,
365 721 438 783 nibil
463 717 517 784 nisr
540 721 642 783 sutiles
666 720 740 797 soni,
764 740 849 784 aures
878 721 999 803 quidem
1016 719 1139 797 feriunt,
1162 720 1197 782 ad
1214 722 1281 784 ani·

59 830 136 872 mum
153 829 299 871 reronon
315 811 473 890 pertinent.
605 821 612 828 “
666 883 671 888 ,

99 894 218 958 Docere
232 916 288 958 nos
308 895 406 959 voluit
420 894 562 960 Horatius
584 894 616 958 in
632 894 675 958 his
690 893 804 971 Satiris,
826 907 930 958 eontra
945 895 1015 956 uitia
1031 892 1128 957 nostra
1144 895 1281 972 militare,

58 971 179 1046 ailedius
193 999 370 1064 temperare,
393 973 529 1048 naturam
556 985 588 1044 in
609 983 821 1064 cupiditatibus
847 982 1035 1045 moderandis
1049 983 1157 1045 ducem
1184 984 1279 1067 sequi,

58 1091 156 1133 verum
181 1070 199 1133 a
224 1071 493 1145 tarquinius
519 1068 584 1151 ipsrs
611 1090 708 1134 rerum
731 1072 838 1154 species
868 1070 1042 1147 discernere,
1077 1072 1281 1155 praejudicatas

58 1173 163 1221 temne
195 1159 352 1240 opiniones
387 1158 527 1245 abjicere,
562 1159 706 1241 principia
734 1160 762 1221 dr
790 1158 891 1221 causas
926 1155 1078 1220 achonum
1112 1156 1277 1223 nosltarr'rm

57 1244 217 1328 perspedias
243 1246 364 1320 habere,
386 1246 542 1309 ridiculam
566 1245 696 1328 denique
718 1267 823 1309 eorum
850 1246 1041 1327 pertinaciam
1066 1247 1191 1322 euitare,
1213 1251 1279 1330 qui,

57 1333 159 1415 quibua
178 1354 198 1395 a
212 1332 381 1419 magistellis
407 1333 464 1396 suit
484 1333 678 1415 opinionibus
701 1334 809 1397 imbuti
824 1334 898 1396 olim
925 1333 1055 1404 suerunt,
1078 1333 1112 1395 iis
1133 1332 1280 1399 obstinate

58 1421 212 1496 inhaerent,
244 1423 325 1483 nulla
360 1421 459 1484 habita
488 1421 605 1484 ratione
629 1423 738 1504 qulbus
768 1422 932 1484 innitantur
961 1420 1185 1495 fundamenti23
1218 1443 1280 1486 uno

58 1509 155 1583 rubo,
181 1509 212 1571 in
235 1507 459 1584 eoelaborauir,
483 1524 517 1571 ut
532 1529 586 1572 noa
603 1505 688 1574 nobis
702 1509 816 1585 felices,
840 1508 1101 1593 amicisjucundos
1125 1505 1279 1588 nfideles,

58 1596 195 1660 omnibus
209 1596 384 1680 quibuscum
401 1598 543 1673 vivimus,
566 1597 756 1671 commodos,
774 1597 872 1672 utiles,
887 1595 916 1657 dt
929 1598 1074 1681 benignos
1089 1593 1247 1677 praestaret.

94 1681 285 1765 Interpretari
309 1682 454 1747 Audioris
474 1684 578 1760 verba,
601 1685 632 1746 in
656 1684 779 1768 sigarus
792 1684 920 1769 digitum
947 1683 1111 1760 intendere,
1137 1679 1286 1749 lectam

58 1771 264 1849 perorationis
290 1770 433 1835 involuta
450 1771 646 1856 labyrinthos,
665 1777 720 1834 ¹aut
745 1770 948 1853 parentheseos
974 1771 1108 1834 obscurae
1128 1777 1279 1850 tenebras,

58 1858 173 1935 ducere,
198 1859 263 1922 haec
287 1859 391 1922 omnia
405 1859 480 1922 nihil
506 1859 651 1923 eximium
678 1859 804 1937 habent,
828 1880 883 1921 nec
906 1875 940 1921 ut
963 1858 1096 1941 loquitur
1118 1860 1277 1942 Epictetus,

58 1946 219 2028 quidquam
245 1945 360 2028 pulchri
385 1962 435 2009 aut
459 1947 590 2027 sapiente
614 1949 752 2033 dignum.
812 1949 860 2007 Ad
888 1947 946 2009 hoc
970 1947 1057 2009 nobis
1081 1948 1279 2011 annitendum

57 2030 112 2108 eli3
135 2036 194 2096 boc
218 2055 295 2115 opus
317 2032 447 2099 noslrum
473 2034 514 2097 ell
539 2035 731 2117 palmarium,
760 2035 845 2098 usum
861 2034 891 2096 dc
917 2034 1045 2097 rationes
1072 2035 1178 2098 horum
1205 2057 1278 2117 prae·

57 2138 204 2201 ceptorum
233 2121 397 2198 ossendere,
417 2126 593 2206 eademque
625 2121 850 2185 audieritatibus
874 2121 989 2197 fulcire,
1017 2137 1051 2184 ut
1082 2123 1178 2204 palam
1208 2145 1280 2187 om·

59 2209 136 2270 tribus
161 2207 227 2285 fiat,
248 2230 302 2271 eos
323 2211 374 2292 qui
399 2230 498 2273 mores
522 2210 588 2272 suos
613 2210 731 2272 adhoc
757 2210 886 2280 seculum
912 2230 1094 2290 componere
1110 2212 1277 2295 negligunt,

57 2298 131 2373 paria
144 2296 244 2360 facere
269 2297 400 2382 aegrotis,
423 2299 475 2380 qui
490 2297 593 2371 libros,
617 2298 667 2358 ubi
695 2299 825 2360 remedia
841 2297 952 2358 morbis
968 2297 1022 2358 stris
1039 2299 1278 2379 praescribuntur,

57 2379 146 2466 legere
167 2387 314 2458 contenti,
337 2382 452 2448 Medici
478 2381 601 2449 consalio
626 2401 740 2449 tantem
758 2380 848 2448 'abeli
864 2402 897 2447 ut
920 2402 1053 2463 utantur,
1087 2403 1119 2448 ut
1134 2407 1173 2449 ne
1186 2390 1278 2451 intel·

58 2466 143 2555 ligant
156 2472 278 2557 quidem
289 2474 352 2559 ejus
361 2473 533 2537 utilitatem.

94 2557 167 2629 Non
185 2562 269 2644 quod
281 2581 339 2646 ego
354 2559 385 2624 in
406 2561 630 2626 commentariis
654 2560 727 2624 meis
743 2560 903 2642 quicquam
928 2560 1019 2625 sciens
1039 2560 1142 2625 volens
1156 2572 1277 2640 praeter·

57 2646 189 2723 miserim,
213 2649 294 2732 quod
322 2649 358 2710 ad
386 2646 588 2715 Grammatici
612 2649 745 2714 officium
772 2650 927 2728 pertineat.
983 2649 1075 2733 Spero
1100 2652 1128 2711 id
1146 2649 1277 2711 sensuros
1312 2708 1317 2725 ,

57 2730 107 2795 else
121 2730 276 2811 LerSiores,
300 2736 398 2820 neque
421 2735 599 2823 jamullam
623 2737 839 2817 supersuturam
857 2736 1000 2800 itt-verbis
1016 2737 1130 2800 Horatii
1146 2736 1277 2799 difficul-

56 2831 163 2884 tatem:
185 2826 269 2888 acin
290 2824 368 2886 hane
382 2846 484 2886 curam
501 2826 647 2907 praecipue
662 2824 794 2900 incubui,
811 2838 844 2886 ut
865 2840 1050 2909 argumenta,
1072 2848 1140 2910 quae
1157 2825 1279 2900 tractat,

56 2904 240 2987 illustrarem-3
257 2914 428 2988 rationum,
454 2934 525 2996 quas
545 2913 678 2987 adhibet,
701 2912 877 2991 soliditatem
904 2914 1113 2995 indignatam
1139 2927 1171 2974 ut
1184 2932 1278 2991 expe-

59 2994 148 3059 ditem
161 3000 302 3061 circuitus
316 2999 345 3061 dt
360 3004 510 3084 ambages,
526 3020 578 3081 per
598 3021 671 3082 quas
686 2994 902 3081 nonnunqriam
920 3002 1029 3063 incedit
1043 3003 1077 3061 ad
1096 2999 1203 3082 placita
1227 3000 1278 3061 sua

57 3083 268 3162 confirmanda,
300 3086 390 3149 &ad
416 3087 566 3160 contraria
592 3087 754 3161 refutanda,
787 3088 832 3147 vel
863 3087 1026 3149 eludenda:
1059 3106 1092 3153 ut
1120 3088 1277 3149 ueritatem

57 3165 237 3236 assertionum
262 3172 349 3255 iphus
371 3173 556 3248 stabilirem3
592 3193 625 3237 ut
651 3174 798 3236 vafritiem
825 3174 898 3258 ejus,
924 3176 973 3236 ubi
997 3175 1077 3257 quast
1104 3196 1142 3237 ex
1169 3172 1277 3237 insidiis

56 3259 122 3341 agit,
152 3282 220 3343 quae
247 3259 406 3324 nectorem
437 3263 607 3343 imperitum
637 3259 725 3324 facile
750 3263 856 3344 fugiat,
890 3263 983 3323 oculis
1013 3272 1211 3345 exponerem
1244 3277 1279 3325 ut

57 3344 175 3430 denique
191 3350 221 3411 in
246 3349 382 3429 apricum
404 3351 565 3429 proferrem
588 3349 753 3415 ridiculum*
769 3348 855 3424 illud,
877 3353 956 3434 quod
983 3350 1012 3410 in
1037 3354 1179 3414 omnihus
1201 3370 1277 3433 quaa

55 3448 200 3519 oppugnat
224 3436 312 3499 rebus
335 3437 482 3501 adhibuit.
529 3438 604 3500 Haec
624 3439 689 3499 sunt
703 3458 771 3519 quae
787 3437 857 3499 fecit
882 3455 952 3500 ante
979 3459 1028 3499 me
1043 3434 1145 3501 nemo}
1190 3437 1275 3500 Nam

55 3535 85 3580 ut
105 3520 145 3583 cst
170 3522 313 3587 Horatius
335 3546 419 3588 verus
446 3522 681 3606 Proteus„saepe
706 3528 817 3586 formas
845 3526 995 3602 variando,
1019 3528 1190 3607 interpretes
1210 3526 1277 3586 suos

55 3605 122 3689 saepe
142 3607 260 3695 effugit,
282 3613 333 3694 qui
357 3609 427 3676 etim
453 3612 548 3694 ipsum
574 3611 787 3692 reprehendere
818 3616 986 3694 nequirent,
1012 3614 1162 3695 stupentes
1194 3611 1276 3673 soce·

55 3712 128 3771 runt,
149 3698 229 3782 quod
255 3716 426 3779 potuerunt.
471 3701 643 3763 Affixerunt
667 3701 695 3761 ei
724 3701 925 3781 saepenumero
953 3702 1064 3762 sensum
1094 3722 1155 3762 non
1181 3699 1283 3761 solum‘

55 3780 203 3863 diversum,
226 3787 272 3865 sed
298 3791 389 3851 etiam
416 3787 582 3864 aduersum,
604 3806 759 3872 quemque
782 3789 842 3871 ipse
863 3810 902 3850 eo
916 3788 986 3851 loco
1011 3789 1147 3850 refellere
1168 3782 1295 3851 voluit(

55 3863 121 3934 Non
135 3875 213 3957 quod
240 3896 298 3959 ego
318 3876 480 3959 quicquam
505 3875 671 3937 detradlum
688 3876 792 3951 uelim,
814 3879 952 3959 quiante
978 3870 1036 3937 me³
1055 3876 1184 3938 Horatio
1203 3874 1275 3936 illu·
1298 3938 1302 3947 ,

55 3953 164 4025 litando
189 3961 320 4025 laborem
346 3963 431 4027 suum
463 3963 674 4026 contulerunt:
707 3965 797 4025 laudo
820 3982 946 4026 conatus
974 3964 1107 4039 illorum,
1130 3962 1172 4024 illi
1198 3962 1275 4026 mihi

55 4045 125 4109 riam
140 4068 329 4131 aperuerunt.
375 4043 465 4134 Siqua
481 4052 510 4113 in
526 4071 558 4112 re
582 4073 640 4137 ego
654 4052 721 4114 illos
738 4054 881 4132 superavi,
905 4072 998 4113 omne
1022 4051 1092 4113 illud
1117 4065 1274 4131 acceptum

55 4132 140 4198 resero
154 4140 270 4222 magnis
295 4136 357 4200 istis
381 4160 422 4202 err
437 4140 612 4223 antiquitate
626 4141 712 4213 viris,
731 4160 807 4221 quos
832 4139 945 4223 majore
960 4160 1030 4201 cum
1054 4150 1148 4213 cura,
1161 4138 1275 4222 majore

55 4236 126 4286 certe
142 4227 218 4300 otio,
240 4223 311 4310 legi,
335 4225 504 4290 Homerum
529 4225 611 4301 dico,
633 4226 805 4302 Platonem,
828 4224 1034 4300 Aristotelem,
1060 4227 1188 4307 aliosque
1209 4242 1275 4291 tam

57 4301 184 4382 Grecos,
205 4334 299 4396 quam
326 4312 462 4388 Latinos,
493 4335 568 4396 quos
582 4316 690 4376 affidue
706 4329 782 4389 tero,
808 4328 842 4375 ut
866 4314 902 4375 ad
924 4335 1029 4375 eorum
1045 4312 1162 4399 galium
1179 4313 1274 4376 refor-

55 4409 127 4487 ment
141 4418 255 4480 meum,
271 4420 436 4486 eorumque
451 4403 583 4467 sontibus
604 4399 721 4488 ingenii
737 4399 767 4464 dt
783 4397 895 4482 Judicii
915 4402 974 4465 mei
991 4402 1123 4467 hortulos
1139 4403 1271 4486 irrigem.

1109 4490 1273 4559 ‘Nora
1400 4574 1402 4597 Ι
