2842 4775
140 216 205 284 ‚p
332 138 1116 264 .nncnnrrrnnrnr1o

183 318 260 384 Non
285 316 401 392 desunt,
423 318 496 394 scio,
519 319 565 382 hia
592 314 777 398 temporibua
803 317 856 401 qui
877 336 985 403 magna
1005 314 1057 379 illa
1080 314 1216 382 Nomine
1242 314 1356 383 risuer·

138 407 267 491 cipiunt,
289 409 342 491 qui
368 402 533 471 reclament
555 406 708 482 laudibua5
724 404 902 488 quibueper
925 403 1030 469 omnia
1045 404 1145 469 secula
1157 403 1294 470 celebrati
1313 426 1357 469 or·

139 485 264 579 natique
278 495 355 570 sont,
377 496 489 578 quique
504 493 571 558 illor
587 491 710 576 spoliare
726 492 819 555 velint
841 492 878 560 iis
891 494 1025 567 coronio,
1046 514 1119 576 quar
1137 491 1287 556 tanto‘sao
1301 509 1357 556 rne-

140 586 203 648 rito
216 585 253 647 de
269 579 487 648 Tribunalibua
501 581 578 646 adeo
591 579 722 668 augustie
738 595 939 662 reportarunt.
984 584 1027 644 At
1041 582 1084 654 hi,
1099 579 1174 643 dum
1188 581 1284 643 nimio
1297 578 1359 650 effe·

139 685 247 738 ramur
272 667 449 734 stadiorum
474 668 627 734 devitandi
652 670 896 744 admirationem,
927 669 1014 754 cujua
1028 667 1175 732 mterell
1197 670 1358 751 ἐμωυτῶ,

139 757 343 841 imprudenter
357 755 511 821 discedunt
524 759 563 821 ab
584 755 676 820 altera
694 756 758 832 illa,
780 777 872 841 quarn
882 754 971 819 Plato
986 770 1141 838 nuncrrpat
1164 776 1282 820 matrem
1289 757 1359 839 jepi-

138 846 235 922 rrriae,
259 865 386 929 quoque
410 847 506 926 priora
532 844 638 910 oenoe
652 843 829 918 hominibua
854 844 978 927 aperuit.
1025 842 1160 907 Minime
1184 844 1280 907 miror
1303 846 1359 925 pul·

83 937 87 946 '
137 934 341 997 chritudincrn
357 931 445 1000 illane
468 933 615 1010 diuinam,
635 953 705 1014 qrrae
729 931 807 1012 apud
833 930 997 1014 Scriptorea
1022 930 1113 1016 longe
1128 930 1360 1012 prasiantiffinroa

135 1022 248 1097 elucet,
280 1018 350 1086 istor
379 1021 520 1086 hominen
543 1022 748 1101 non'ca‘pere,
779 1037 877 1102 neque
902 1018 1039 1083 trabem
1062 1039 1171 1101 nempe
1196 1017 1361 1084 infirmiore

116 1185 121 1190 ἡ
136 1110 215 1184 sunt,
226 1129 328 1192 quam
351 1122 383 1173 ut
396 1105 501 1172 oculor
516 1108 607 1173 tantir
620 1105 823 1189 splendoribus
838 1107 970 1171 intentor
990 1106 1159 1190 diunenere
1178 1123 1307 1190 queant:
1328 1127 1360 1171 ne

136 1197 237 1272 dicam
253 1194 373 1260 sutilem
388 1192 446 1259 effe
460 1213 524 1260 rem
539 1196 689 1279 Antiquoa
700 1209 908 1272 contemnere,
918 1193 1179 1259 laboriosamvere
1196 1194 1359 1280 intelligere.

144 1333 148 1336 -
179 1281 324 1368 ondad
340 1306 390 1348 me
413 1282 528 1362 attinet,
546 1280 677 1347 Divinos
703 1280 771 1368 illor
799 1281 891 1347 Viroe
908 1302 947 1347 ex
962 1283 1066 1345 animo
1080 1295 1160 1346 totus
1175 1282 1305 1346 admiror
1318 1303 1360 1344 re·

135 1391 296 1456 amorque.
340 1370 403 1437 an
425 1372 502 1435 mihi
529 1369 642 1454 semper
666 1368 708 1432 ob
733 1370 837 1440 oerrloe
864 1390 959 1452 pono,
983 1370 1065 1433 velut
1089 1368 1212 1453 jndices
1228 1370 1360 1433 veremur

134 1460 165 1523 dr
182 1463 382 1544 incorruptos,
406 1459 483 1559 apud
510 1480 587 1545 quoe
602 1459 727 1523 libenter
750 1454 835 1544 fingo
859 1457 1042 1524 reddendam
1067 1460 1143 1522 mihi
1167 1458 1226 1523 else
1248 1458 1359 1543 scripte-

136 1567 205 1612 tuor
220 1567 357 1611 meorum
367 1563 528 1612 tattonem.

170 1633 298 1720 Magne
322 1635 440 1708 interim
464 1634 559 1698 ducor
583 1630 765 1702 Polleritatit
789 1631 978 1697 reuerentia:
1002 1630 1136 1698 timidior
1160 1654 1253 1718 qnam
1277 1630 1359 1696 tiden-

134 1722 195 1786 tior
218 1724 334 1806 cogito,
355 1720 445 1806 quale
459 1721 497 1784 de
521 1721 660 1804 operibor
676 1722 763 1797 meir,
784 1719 903 1786 libono
917 1720 970 1785 suo
995 1720 1058 1786 seco
1072 1742 1110 1785 eo
1125 1723 1279 1804 peruenire
1303 1719 1359 1804 pos·

134 1803 205 1890 lint,
223 1810 372 1895 judicium
395 1809 490 1873 latura
512 1806 560 1873 stt.
604 1807 678 1876 Non
703 1808 773 1874 ideo
798 1824 899 1874 tamen
922 1807 1048 1872 minorie
1063 1808 1179 1875 aestimo
1204 1809 1359 1873 donon-

134 1918 197 1975 roa,
220 1898 273 1982 qui
296 1898 388 1961 hodie
406 1899 531 1973 uiuant3
555 1895 644 1960 multi
669 1898 749 1975 sunt,
771 1897 876 1975 fateor,
902 1898 955 1980 qui
978 1887 1111 1962 seculum
1135 1897 1269 1961 nostrum
1284 1895 1360 1961 enot-

133 2001 220 2062 nant,
241 1985 293 2068 qui
318 1987 416 2068 priora
431 1982 588 2067 potuissent
610 2003 780 2061 exornaret
804 1985 835 2048 in
860 1986 969 2069 quibus
994 1997 1098 2048 temen
1123 2007 1162 2048 ne
1185 2005 1281 2050 unum
1303 1985 1360 2066 qui·

133 2070 205 2135 dem
220 2075 304 2148 noui,
326 2073 377 2158 qui
404 2093 466 2136 non
493 2073 619 2136 honoret
645 2073 676 2137 de
689 2073 769 2137 colat
785 2072 940 2156 antiquos,
964 2074 1016 2136 cui
1031 2094 1095 2150 non
1120 2073 1200 2136 idenr
1216 2073 1296 2158 quod
1311 2071 1360 2135 illia

134 2159 239 2243 sapiat,
262 2177 315 2224 aut
337 2161 390 2243 appi
415 2181 521 2224 eorum
546 2175 693 2244 macepm
718 2180 782 2225 non
807 2161 954 2236 observet,
976 2159 1058 2224 unda
1079 2179 1229 2247 quantum
1251 2161 1359 2227 abem-

134 2249 230 2321 rerir,
245 2264 373 2313 tantam
401 2248 439 2311 ab
475 2248 534 2327 ipsa
558 2247 719 2313 natura&
749 2251 873 2312 veritate
902 2246 1068 2312 discesseris.
1128 2247 1242 2335 Neque
1269 2265 1361 2313 rereu

96 2357 99 2362 ·
134 2332 327 2414 confirmare,
362 2334 511 2403 nonesse
545 2334 694 2401 difficilius
721 2333 783 2401 sine
818 2335 885 2401 lace
915 2334 1013 2401 oculis
1042 2337 1160 2420 objcda
1201 2337 1359 2422 perspicere,

134 2445 228 2508 quarn
253 2425 376 2490 solidam
400 2424 519 2489 laudem
544 2422 675 2508 adipisci,
703 2423 734 2489 dr
760 2425 915 2510 ingenium
938 2425 1077 2489 excolere
1099 2426 1166 2490 aliie
1195 2425 1359 2497 rationibur,

135 2533 316 2597 quamquain
331 2510 437 2577 Graeci
453 2513 483 2576 dr
500 2512 632 2577 Romani
655 2512 744 2579 nobie
774 2512 1024 2597 praesctipsetunt:
1049 2511 1120 2598 Sive
1133 2515 1218 2577 enim
1247 2513 1359 2598 propri'u

134 2599 233 2663 felicia
262 2601 374 2686 ingenii
401 2601 513 2664 vitibus
534 2602 649 2678 innixi,
672 2599 731 2666 srve
757 2603 795 2664 ab
817 2598 932 2665 arte&
959 2599 1060 2664 studiis
1089 2600 1235 2678 instrudi,
1264 2612 1360 2664 'earum

33 2737 43 2745 ,
134 2687 271 2772 ueliigliu
282 2688 465 2753 succedimus
480 2702 594 2752 tamen.
653 2685 717 2770 Qui
743 2684 844 2769 aittern
860 2688 1186 2771 Antiquoadamnant,
1209 2689 1294 2753 causa
1307 2707 1359 2752 non

65 2771 70 2777 ’
134 2777 271 2859 cognita,
301 2796 363 2840 non
377 2775 429 2838 abr
444 2794 477 2837 re
501 2777 567 2851 erit,
596 2792 649 2839 eor
673 2776 810 2841 semel&
837 2773 923 2840 simul
948 2790 1035 2840 tanto
1060 2798 1161 2841 errore
1182 2772 1313 2855 liberare,
1332 2786 1360 2838 tn

134 2862 201 2943 ipsu
216 2862 312 2945 palam
328 2858 393 2941 fiat,
415 2863 456 2939 se,
479 2860 552 2926 dum
577 2862 674 2926 nimio
697 2863 729 2927 in
756 2863 833 2927 hanc
856 2878 978 2928 aetatem
1003 2861 1101 2928 sludio
1114 2864 1359 2947 tranfrerlirapi·

133 2964 239 3027 turtur,
261 2950 326 3037 ejus
357 2950 446 3014 samae
471 2951 548 3032 apud
574 2948 704 3031 posterna
720 2948 930 3036 vgravisdimuna
957 2949 1065 3015 vulnus
1091 2950 1294 3036 imprudenter
1316 2951 1359 3013 in·

133 3036 246 3122 digere.
291 3034 455 3120 Quodnam
470 3037 552 3102 enim
568 3037 736 3125 encogitari
761 3037 856 3120 potest
871 3036 980 3104 clarius
994 3057 1208 3125 argumentum
1223 3039 1261 3104 ed
1281 3036 1359 3103 secali

133 3125 262 3205 cujusvis
302 3125 515 3210 ignorantiam,
549 3138 603 3188 aut
642 3124 741 3208 potius
770 3125 937 3191 barbariem
966 3126 1247 3207 demonstrandum,
1278 3144 1357 3211 queat

133 3214 214 3295 quod
230 3211 272 3275 'rbi
287 3213 440 3277 Homerus
454 3213 554 3277 audiat
580 3212 630 3276 ine
664 3234 708 3279 us.
753 3210 842 3277 Plato
856 3215 895 3277 ad
917 3212 1069 3278 fastidium
1085 3215 1232 3299 prolix'ur,
1254 3211 1358 3281 Atilio·

132 3299 207 3363 telea
237 3318 343 3381 parurn
369 3299 493 3379 doetus,
514 3227 737 3365 Demoxliener
761 3299 792 3363 dr
817 3297 929 3366 Cioeto
943 3299 962 3365 ὲ
976 3302 1065 3366 triuio
1082 3300 1273 3381 Otrtorculi,
1293 3301 1357 3366 Vit-

132 3385 220 3470 giliur
231 3382 327 3450 Poeta
341 3385 431 3451 nullis
460 3388 573 3472 gratiis,
597 3386 682 3452 nullo
696 3402 818 3465 ornatu,
833 3386 979 3464 Horatiae
994 3390 1125 3475 denique
1149 3391 1245 3469 rudis,
1269 3391 1357 3453 hami·

100 3514 103 3521 «
131 3474 183 3549 lir,
210 3474 239 3538 a
271 3470 332 3538 sino
348 3474 467 3538 neruis?
491 3473 630 3539 Barbarae
654 3474 714 3540 illae
728 3492 841 3562 genter,
866 3498 935 3562 quae
948 3473 1105 3543 Gtreciarn
1126 3477 1157 3543 de
1180 3478 1296 3544 ltaliam
1310 3494 1357 3563 po·

132 3561 280 3643 polentes,
303 3574 388 3627 tanto
416 3560 515 3625 surore
535 3559 747 3646 grassabantur,
769 3564 840 3647 quid
857 3584 993 3649 unquam
1004 3566 1059 3649 tin
1076 3566 1212 3632 delendia
1234 3565 1357 3650 puero

131 3648 214 3714 rimir
230 3646 390 3716 ¹vntusletir
415 3650 622 3713 monumentis
636 3651 740 3721 tetrius
754 3650 815 3716 auli
839 3653 925 3718 sunt?
948 3651 1032 3735 Quid
1049 3657 1147 3740 magia
1162 3650 1356 3720 horrendum?

131 3729 249 3799 Veram
273 3736 336 3819 sper
360 3732 402 3801 eli
425 3755 487 3799 non
513 3736 568 3799 toti
595 3735 691 3800 seculo
717 3740 898 3822 imputatum
923 3740 959 3804 iri
984 3745 1180 3826 quorundum
1204 3740 1357 3827 perversum

125 3820 288 3909 judicium,
312 3838 368 3886 nec
384 3822 529 3906 Antiquir
546 3821 642 3886 fraudi
656 3823 732 3889 sore.
811 3881 816 3891 .
1022 3889 1024 3893 ,

175 3908 293 3972 Frustra
315 3906 482 3991 Imperator
498 3909 546 3972 ille
567 3931 650 3972 arma
672 3912 705 3974 in
734 3910 919 3993 Homerum,
942 3911 1123 4000 Virgilium,
1153 3915 1357 3985 Titurnh'rl·

131 4016 188 4077 um!
216 3996 334 4059 morit:
373 3993 518 4059 incassum
547 3997 681 4061 cecidere
715 4003 791 4063 tanti
806 4019 969 4067 conatus:
1006 4005 1119 4069 bellum
1159 4002 1357 4071 absolutioni·

130 4082 268 4164 operibor
284 4082 431 4159 indictum
445 4082 516 4165 quid
531 4083 611 4146 aliud
625 4084 702 4170 egit,
726 4080 782 4151 nisi
805 4089 1018 4156 adnumerum
1045 4094 1229 4178 ineptiarum
1240 4095 1356 4171 aeds,

130 4189 192 4253 qao
217 4167 334 4268 salrorat
360 4167 594 4254 ipsuehilluriu,
615 4173 902 4264 cumulatioremque
917 4178 969 4266 ipsi
983 4181 1131 4262 invidiam
1146 4186 1223 4268 apud
1238 4180 1357 4267 postue·

130 4254 290 4351 coenanti
1136 4271 1183 4364 Q.
1201 4270 1351 4337 Horarrr

1050 4406 1053 4413 ⁴
1067 4404 1088 4423 κο

893 4500 894 4507 t
1006 4430 1053 4514 {vl
1118 4428 1218 4545 fdrs'
